% This file was created with JabRef 2.10b2.
% Encoding: UTF-8


@Manual{abnTeX22014b,
  Title                    = {A classe abntex2},
  Author                   = {abnTeX2 and Lauro C\'{e}sar Araujo},
  Organization             = {Equipe abnTeX2},
  Year                     = {2014},

  Bdsk-url-1               = {http://code.google.com/p/abntex2/wiki/Download},
  Pages                    = {46},
  Subtitle                 = {Documentos t\'{e}cnicos e cient\'{i}ficos brasileiros compat\'{i}veis com as normas ABNT},
  Timestamp                = {2014.09.27},
  Url                      = {http://abntex2.googlecode.com/},
  Urlaccessdate            = {12 de setembro de 2014}
}

@Manual{abnTeX22014d,
  Title                    = {O pacote abntex2cite},
  Author                   = {abnTeX2 and Lauro C\{\textquoteright}{e}sar Araujo},
  Organization             = {Equipe abnTeX2},
  Year                     = {2014},

  Bdsk-url-1               = {http://code.google.com/p/abntex2/wiki/Download},
  Pages                    = {91},
  Subtitle                 = {Estilos bibliogr\'{a}ficos compat\'{i}veis com a ABNT NBR 6023},
  Timestamp                = {2014.09.27},
  Url                      = {http://abntex2.googlecode.com/},
  Urlaccessdate            = {12 de setembro de 2014}
}

@Manual{abnTeX22014c,
  Title                    = {O pacote abntex2cite},
  Author                   = { Lauro C\'{e}sar Araujo and abnTeX2 },
  Organization             = {Equipe abnTeX2},
  Year                     = {2014},

  Bdsk-url-1               = {http://code.google.com/p/abntex2/wiki/Download},
  Pages                    = {23},
  Subtitle                 = {T\'{o}picos espec\'{i}ficos da ABNT NBR 10520:2002 e o estilo bibliogr\'{a}fico alfab\'{e}tico (sistema autor-data)},
  Timestamp                = {2014.09.27},
  Url                      = {http://abntex2.googlecode.com/},
  Urlaccessdate            = {12 de setembro de 2014}
}



@Book{SOMMER2011,
  Title                    = {Engenharia de Software.},
  Author                   = {SOMMERVILLE, I.},
  Publisher                = {v. I},
  Year                     = {2011},

  Address                  = {9. ed. SÃ£o Paulo: PEARSON,},

  Timestamp                = {09 de Maio de 2019}
}


@Book{PRESMA2016,
  Title                    = {Engenharia de Software uma abordagem profissional},
  Author                   = {PRESSMAN, R. S., MAXIM R. B.},
  Publisher                = {v. I},
  Year                     = {2016},

  Address                  = {8. ed. Porto Alegre: AMGH Bookman},
  Timestamp                = {09 de Maio de 2019}
}

@Book{riosMoreira,
  Title                    = {Teste de Software},
  Author                   = {MOREIRA,\& RIOS, T. R.},
  Publisher                = {Alta Books},
  Year                     = {2006},

  Address                  = {Rio de Janeiro},
  Timestamp                = {09 de Maio de 2019}
}

@Book{Hushalini,
  Title                    = {Software Test Automation in Practice: Empirical Study from Sri Lanka.},
  Author                   = {Hushalini, S},
  Publisher                = {vol:3},
  Year                     = {2014},

  Address                  = {COMPUSOFT : International Journal of Advanced Computer Technology' [2320-0790]},

  Timestamp                = {2019.06.03}
}

@Misc{Junit,
  Title                    = {JUnit 5 User Guide},

  Author                   = {JUnit},
  Year                     = {2019},

  Timestamp                = {2019.02.11},
  Url                      = {https://junit.org/junit5/docs/current/user-guide/},
  Urlaccessdate            = {10 de maio de 2019}
}

@Misc{gabriel,
  Title                    = {emater mip datacollection app
},

  Author                   = {Costa Silva, Gabrie},
  Year                     = {2019},

  Timestamp                = {2019.04.11},
  Url                      = {https://github.com/gabrielcostasilva/emater-mip-datacollection-app/tree/DDDLike},
  Urlaccessdate            = {24 de maio de 2019}
}

@Misc{Maven,
  Title                    = {MavenRepository},

  Author                   = {Maven},
  Year                     = {2019},

  Timestamp                = {2019.04.07},
  Url                      = {https://maven.apache.org/pom.html},
  Urlaccessdate            = {10 de maio de 2019}
}

@Misc{Mockito,
  Title                    = {Mockito},

  Author                   = {Mockito},
  Year                     = {2019},

  Timestamp                = {2019.04.10},
  Url                      = {https://site.mockito.org},
  Urlaccessdate            = {12 de maio de 2019}
}



@Misc{Javadoc,
  Title                    = {Javadoc},

  Author                   = {javadoc},
  Year                     = {2019},

  Timestamp                = {2019.04.10},
  Url                      = {https://static.javadoc.io/org.mockito/mockito-core/2.27.0/org/mockito/Mockito.html},
  Urlaccessdate            = {12 de maio de 2019}
}

@Misc{spring,
  Title                    = {Spring Testing},

  Author                   = {Spring},
  Year                     = {2019},

  Timestamp                = {2019.05.09},
  Url                      = {https://docs.spring.io/spring/docs/current/spring-framework-reference/testing.html},
  Urlaccessdate            = {12 de maio de 2019}
}


@Misc{java,
  Title                    = {Oracle},

  Author                   = {Oracle},
  Year                     = {2019},

  Timestamp                = {2019.05.09},
  Url                      = {https://docs.oracle.com/en/java/},
  Urlaccessdate            = {25 de maio de 2019}
}

@Misc{intellij,
  Title                    = {Jet Brains},

  Author                   = {JetBrains},
  Year                     = {2019},

  Timestamp                = {2019.05.09},
  Url                      = {https://www.jetbrains.com/idea/documentation/},
  Urlaccessdate            = {25 de maio de 2019}
}

https://www.jetbrains.com/idea/documentation/


@Book{Maturana2003,
  Title                    = {A \'{A}rvore do Conhecimento},
  Author                   = {Humberto R. Maturana and Francisco J. Varela},
  Publisher                = {Editora Palas Athena},
  Year                     = {2003},

  Address                  = {S\~ao Paulo},
  Edition                  = {3},

  Page                     = {283},
  Subtitle                 = {as bases biol\'{o}gicas da compreens\~{a}o humana},
  Timestamp                = {2014.09.27}
}

@Book{Mittelbach2004,
  Title                    = {The LaTeX companion},
  Author                   = {Mittelbach, Frank and Goossens, Michel and Braams, Johannes and Carlisle, David and Rowley, Chris},
  Publisher                = {Addison-Wesley},
  Year                     = {2004},

  Address                  = {Boston},
  Edition                  = {2},

  Timestamp                = {2014.09.27}
}

@PhdThesis{Neubert2001,
  Title                    = {Algoritmos Distribu\'{i}dos para a Constru{\c c}\~ao de Arquivos Invertidos},
  Author                   = {Marden Silveira Neubert},
  School                   = {Departamento de Computa{\c c}\~ao, Universidade Federal de Minas Gerais},
  Year                     = {2001},

  Address                  = {Belo Horizonte},
  Type                     = {Doutorado em Ci{\^e}ncia da Computa{\c c}\~ao},

  Pagename                 = {f.},
  Pages                    = {145},
  Timestamp                = {2014.09.26},
  Year-presented           = {Mar{\c c}o 2001}
}

@MastersThesis{Santos2003,
  Title                    = {Aspectos Conceituais e Arquiteturais para a Cria{\c c}\~ao de Linhagens de Agentes de Software Cognitivos e Situados},
  Author                   = {Bruno Andr\'{e} Santos},
  School                   = {Centro Federal de Educa{\c c}\~ao Tecnol\'{o}gica de Minas Gerais},
  Year                     = {2003},

  Address                  = {Belo Horizonte},
  Type                     = {Mestrado em Tecnologia -- Nome da \'{a}rea de concentra{\c c}\~ao},

  Key                      = {intelig{\^e}ncia artificial, agentes inteligentes, cogni{\c c}\~ao situada},
  Pagename                 = {f.},
  Pages                    = {130},
  Timestamp                = {2014.09.26},
  Year-presented           = {Junho 2003}
}

@Book{Silva2000,
  Title                    = {A Intelig{\^e}ncia da Complexidade},
  Author                   = {Silva, Joaquim and Souza, Jo\~ao {Luiz de}},
  Publisher                = {Editora Petr\'{o}polis},
  Year                     = {2000},

  Address                  = {S\~ao Paulo},

  Timestamp                = {2014.09.24}
}

@MastersThesis{Souza2012,
  Title                    = {Recupera{\c c}\~ao de V\'{i}deos Baseada em Conte\'{u}do em um Sistema de Informa{\c c}\~ao para Apoio \`{a} An\'{a}lise do Discurso Televisivo},
  Author                   = {Celso {Luiz de} Souza},
  School                   = {Centro Federal de Educa{\c c}\~ao Tecnol\'{o}gica de Minas Gerais},
  Year                     = {2012},

  Address                  = {Belo Horizonte},
  Type                     = {Mestrado em Modelagem Matem\'{a}tica e Computacional -- Sistemas Inteligentes},

  Pagename                 = {f.},
  Pages                    = {130},
  Timestamp                = {2014.09.26},
  Year-presented           = {Outubro 2011}
}

@Article{vanGELDER1998,
  Title                    = {Disentangling Dynamics, Computation and Cognition},
  Author                   = {Tim {van GELDER}},
  Journal                  = {Behavioral and Brain Sciences},
  Year                     = {1998},
  Pages                    = {40--47},
  Volume                   = {21},

  Key                      = {cognitive science, digital computer, dynamical hypothesis, dynamical system},
  Timestamp                = {2014.09.26}
}

@Manual{NBR14724:2011,
  Title                    = {{ABNT NBR} 14724},

  Address                  = {Rio de Janeiro},
  Month                    = mar,
  Organization             = {Associa{\c c}\~ao Brasileira de Normas T\'ecnicas},
  Year                     = {2011},

  Org-short                = {ABNT},
  Pages                    = {11},
  Subtitle                 = {Informa{\c c}\~ao e documenta{\c c}\~ao --- Trabalhos acad\^emicos --- Apresenta{\c c}\~ao},
  Timestamp                = {2014.09.27}
}

@Manual{NBR15287:2005,
  Title                    = {{ABNT NBR} 15287},

  Address                  = {Rio de Janeiro},
  Month                    = {dez.},
  Organization             = {Associa{\c c}\~ao Brasileira de Normas T\'ecnicas},
  Year                     = {2005},

  Org-short                = {ABNT},
  Pages                    = {6},
  Subtitle                 = {Informa{\c c}\~ao e documenta{\c c}\~ao --- Projeto de pesquisa --- Apresenta{\c c}\~ao},
  Timestamp                = {2014.09.27}
}

@Manual{NBR10520:2002,
  Title                    = {{NBR} 10520},

  Address                  = {Rio de Janeiro},
  Month                    = {ago.},
  Organization             = {Associa{\c c}\~ao Brasileira de Normas T\'ecnicas},
  Year                     = {2002},

  Org-short                = {ABNT},
  Pages                    = {7},
  Subtitle                 = {Informa{\c c}\~ao e documenta{\c c}\~ao --- Cita{\c c}\~oes em documentos --- Apresenta{\c c}\~ao},
  Timestamp                = {2014.09.27}
}

@Manual{NBR6023:2002,
  Title                    = {{NBR} 6023},

  Address                  = {Rio de Janeiro},
  Month                    = {ago.},
  Organization             = {Associa{\c c}\~ao Brasileira de Normas T\'ecnicas},
  Year                     = {2002},

  Org-short                = {ABNT},
  Pages                    = {24},
  Subtitle                 = {Informa{\c c}\~ao e documenta{\c c}\~ao --- Refer\^encias --- Elabora{\c c}\~ao},
  Timestamp                = {2014.09.27}
}
